<?xml version="1.0" encoding="UTF-8"?><record xmlns="http://www.loc.gov/MARC21/slim" xmlns:cinclude="http://apache.org/cocoon/include/1.0" xmlns:zs="http://www.loc.gov/zing/srw/">
  <leader>00552nz  a2200157n  4500</leader>
  <controlfield tag="001">no2013124257</controlfield>
  <controlfield tag="003">DLC</controlfield>
  <controlfield tag="005">20131108073520.0</controlfield>
  <controlfield tag="008">131107n| azannaabn          |n aaa     c</controlfield>
  <datafield tag="010" ind1=" " ind2=" ">
    <subfield code="a">no2013124257</subfield>
  </datafield>
  <datafield tag="035" ind1=" " ind2=" ">
    <subfield code="a">(OCoLC)oca09609622</subfield>
  </datafield>
  <datafield tag="040" ind1=" " ind2=" ">
    <subfield code="a">IEN-Mu</subfield>
    <subfield code="b">eng</subfield>
    <subfield code="e">rda</subfield>
    <subfield code="c">IEN-Mu</subfield>
  </datafield>
  <datafield tag="100" ind1="1" ind2=" ">
    <subfield code="a">Popovici, Elise,</subfield>
    <subfield code="d">1921-2011.</subfield>
    <subfield code="t">Sonatas,</subfield>
    <subfield code="m">violin, piano</subfield>
  </datafield>
  <datafield tag="382" ind1=" " ind2=" ">
    <subfield code="a">violin</subfield>
    <subfield code="a">piano</subfield>
  </datafield>
  <datafield tag="670" ind1=" " ind2=" ">
    <subfield code="a">Popovici, Elise. Sonata pentru vioaraĚ sĚ§i pian, 1986.</subfield>
  </datafield>
  <datafield tag="670" ind1=" " ind2=" ">
    <subfield code="a">International encyclopedia of women composers, 2nd ed.</subfield>
    <subfield code="b">(composed sonatas for other instrument combinations)</subfield>
  </datafield>
</record>